@book {Elstrodt2011,
	AUTHOR =			 {Elstrodt, J{\"u}rgen},
	TITLE =				 {Ma\ss- und {I}ntegrationstheorie},
	SERIES =			 {Springer-Lehrbuch},
	EDITION =			 {Seventh},
	NOTE =				 {Grundwissen Mathematik},
	PUBLISHER =		 {Springer-Verlag, Berlin},
	YEAR =				 2011,
	PAGES =				 {xvi+434},
	ISBN =				 {978-3-642-17904-4},
	MRCLASS =			 {28-01 (28-03 28Axx 28C15)},
	MRNUMBER =		 {2257838 (2008g:28001)},
	MRREVIEWER =	 {Klaus Janssen},
}